@inproceedings{khadka:18:aamas,
	author={Khadka, Shauhadra and Yates, Connor and Tumer, Kagan},
	title={A Memory-based Multiagent Framework for Adaptive Decision Making (Extended Abstract)},
	year=2018,
	booktitle={Proceedings of the 17th International Conference on Autonomous Agents and Multiagent Systems},
	pages={To Appear}
}

